
@book{colander_microeconomics_2020,
	edition = {11e},
	title = {Microeconomics},
	isbn = {1-260-50714-9},
	abstract = {Written in an informal colloquial style, this student-friendly "Principles of Microeconomics" textbook does not sacrifice intellectual depth in its quest for accessibility. The author's primary concern is to instill "economic sensibility" in the student. Colander emphasizes the intellectual and historical context to which the economic models are applied. The seventh edition has been significantly revised to make it simpler, shorter, more organized and more applicable to the real world},
	pagetotal = {576},
	publisher = {{McGraw}-Hill},
	author = {Colander, David C.},
	date = {2020},
	langid = {english},
	note = {Google-Books-{ID}: {rBwiMQAACAAJ}},
	keywords = {Business \& Economics / Economics / Microeconomics},
}

@book{colander_microeconomics_2023,
	edition = {12e},
	title = {Microeconomics},
	isbn = {978-1-266-17346-2},
	abstract = {Colander: Macroeconomics, 12e is specifically designed to help today's students succeed in the principles of economics course and grasp economics concepts they can apply in their daily lives. David Colander's trademark colloquial approach focuses on modern economics, institutions, history, and modeling. He presents and applies economic models, but also encourages students to think about model nuances, building their critical thinking skills and applying models to the real world. Content in this text is organized around learning objectives to make it easier for students to understand the material and for instructors to build assignments within Connect. Through Connect and {SmartBook}, students will find engaging activities, helpful tutorial videos, and learning resources at that moment of need. ({McGraw} Hill).},
	pagetotal = {Dimensions 21.4x25.2x2.1 cm, book},
	publisher = {{McGraw}-Hill Education},
	author = {Colander, David},
	date = {2023-03-17},
	langid = {english},
	note = {Google-Books-{ID}: {yCF}7zwEACAAJ},
}
