@misc{colander2020microeconomics,
  title={Microeconomics},
  edition={11th},
  author={Colander, David C},
  year={2020},
  publisher={New York: McGraw-Hill Irwin}
}